@article{monroy2017toddlers,
  title={Toddlers' action prediction: Statistical learning of continuous action sequences},
  author={Monroy, Claire D and Gerson, Sarah A and Hunnius, Sabine},
  journal={Journal of Experimental Child Psychology},
  volume={157},
  pages={14--28},
  year={2017},
  publisher={Elsevier}
}

@article{shufaniya2018statistical,
  title={Statistical learning is not age-invariant during childhood: Performance improves with age across modality},
  author={Shufaniya, Amir and Arnon, Inbal},
  journal={Cognitive Science},
  volume={42},
  number={8},
  pages={3100--3115},
  year={2018},
  publisher={Wiley Online Library}
}

@article{teinonen2009statistical,
  title={Statistical language learning in neonates revealed by event-related brain potentials},
  author={Teinonen, Tuomas and Fellman, Vineta and N{\"a}{\"a}t{\"a}nen, Risto and Alku, Paavo and Huotilainen, Minna},
  journal={BMC Neuroscience},
  volume={10},
  pages={21},
  year={2009},
  publisher={BioMed Central}
}

@article{kidd2018individual,
  title={Individual differences in snfant speech segmentation: Achieving the lexical shift},
  author={Kidd, Evan and Junge, Caroline and Spokes, Tara and Morrison, Lauren and Cutler, Anne},
  journal={Infancy},
  volume={23},
  number={6},
  pages={770--794},
  year={2018},
  publisher={Wiley Online Library}
}

@article{saffran1999statistical,
  title={Statistical learning of tone sequences by human infants and adults},
  author={Saffran, Jenny R. and Johnson, Elizabeth K. and Aslin, Richard N. and Newport, Elissa L.},
  journal={Cognition},
  volume={70},
  number={1},
  pages={27--52},
  year={1999},
  publisher={Elsevier}
}

@article{conway2005modality,
  title={Modality-constrained statistical learning of tactile, visual, and auditory sequences},
  author={Conway, Christopher M. and Christiansen, Morten H.},
  journal={Journal of Experimental Psychology: Learning, Memory, and Cognition},
  volume={31},
  number={1},
  pages={24--39},
  year={2005},
  publisher={American Psychological Association}
}


@article{emberson2011timing,
  title={Timing is everything: Changes in presentation rate have opposite effects on auditory and visual implicit statistical learning},
  author={Emberson, Lauren L. and Conway, Christopher M. and Christiansen, Morten H.},
  journal={The Quarterly Journal of Experimental Psychology},
  volume={64},
  number={5},
  pages={1021--1040},
  year={2011},
  publisher={Taylor \& Francis}
}

@article{raviv2018developmental,
  title={The developmental trajectory of children's auditory and visual statistical learning abilities: Modality-based differences in the effect of age},
  author={Raviv, Limor and Arnon, Inbal},
  journal={Developmental Science},
  volume={21},
  number={4},
  pages={e12593},
  year={2018},
  publisher={Wiley Online Library}
}

@article{arciuli2011statistical,
  title={Statistical learning in typically developing children: The role of age and speed of stimulus presentation},
  author={Arciuli, Joanne and Simpson, Ian C.},
  journal={Developmental Science},
  volume={14},
  number={3},
  pages={464--473},
  year={2011},
  publisher={Wiley Online Library}
}

@article{saffran1997incidental,
  title={Incidental language learning: Listening (and learning) out of the corner of your ear},
  author={Saffran, Jenny R. and Newport, Elissa L. and Aslin, Richard N. and Tunick, Rachel A. and Barrueco, Sandra},
  journal={Psychological Science},
  volume={8},
  number={2},
  pages={101--105},
  year={1997},
  publisher={SAGE Publications Sage CA: Los Angeles, CA}
}

@article{rodriguez2009neurophysiological,
  title={Neurophysiological mechanisms involved in language learning in adults},
  author={Rodr{\'\i}guez-Fornells, Antoni and Cunillera, Toni and Mestres-Miss{\'e}, Anna and de Diego-Balaguer, Ruth},
  journal={Philosophical Transactions of the Royal Society of London B: Biological Sciences},
  volume={364},
  number={1536},
  pages={3711--3735},
  year={2009},
  publisher={The Royal Society}
}

@article{uylings2006development,
  title={Development of the human cortex and the concept of ``critical'' or ``sensitive'' periods},
  author={Uylings, Harry B. M.},
  journal={Language Learning},
  volume={56},
  number={1},
  pages={59--90},
  year={2006},
  publisher={Wiley Online Library}
}

@incollection{diamond2002normal,
  author={Diamond, Adele},
  title={Normal development of prefrontal cortex from birth to young adulthood: Cognitive functions, anatomy, and biochemistry},
  editor={Stuss, D and Knights, R},
  booktitle={Principles of Frontal Lobe Function},
  publisher={Oxford University Press},
  address={New York},
  year={2002},
  pages={466--503},
  chapter={29},
}

@article{casey2000structural,
  title={Structural and functional brain development and its relation to cognitive development},
  author={Casey, B. J. and Giedd, Jay N. and Thomas, Kathleen M.},
  journal={Biological Psychology},
  volume={54},
  number={1-3},
  pages={241--257},
  year={2000},
  publisher={Elsevier}
}

@article{onnis2013language,
  title={Language experience changes subsequent learning},
  author={Onnis, Luca and Thiessen, Erik},
  journal={Cognition},
  volume={126},
  number={2},
  pages={268--284},
  year={2013},
  publisher={Elsevier}
}

@article{pelucchi2009learning,
  title={Learning in reverse: Eight-month-old infants track backward transitional probabilities},
  author={Pelucchi, Bruna and Hay, Jessica F and Saffran, Jenny R},
  journal={Cognition},
  volume={113},
  number={2},
  pages={244--247},
  year={2009},
  publisher={Elsevier}
}

@article{lany2008twelve,
  title={Twelve-month-old infants benefit from prior experience in statistical learning},
  author={Lany, Jill and G{\'o}mez, Rebecca L},
  journal={Psychological Science},
  volume={19},
  number={12},
  pages={1247--1252},
  year={2008},
  publisher={SAGE Publications Sage CA: Los Angeles, CA}
}

@article{jusczyk1995infants,
  title={Infants' detection of the sound patterns of words in fluent speech},
  author={Jusczyk, Peter W. and Aslin, Richard N.},
  journal={Cognitive Psychology},
  volume={29},
  number={1},
  pages={1--23},
  year={1995},
  publisher={Elsevier}
}

@article{saffran1996statistical,
  title={Statistical learning by 8-month-old infants},
  author={Saffran, Jenny R. and Aslin, Richard N. and Newport, Elissa L.},
  journal={Science},
  volume={274},
  number={5294},
  pages={1926--1928},
  year={1996},
  publisher={American Association for the Advancement of Science}
}

@article{chambers2003infants,
  title={Infants learn phonotactic regularities from brief auditory experience},
  author={Chambers, Kyle E. and Onishi, Kristine H. and Fisher, Cynthia},
  journal={Cognition},
  volume={87},
  number={2},
  pages={B69--B77},
  year={2003},
  publisher={Elsevier}
}

@article{saffran2018infant,
  title={Infant Statistical Learning},
  author={Saffran, Jenny R. and Kirkham, Natasha Z.},
  journal={Annual Review of Psychology},
  volume={69},
  pages={181--203},
  year={2018}
}

@article{gathercole2004structure,
  title={The structure of working memory from 4 to 15 years of age},
  author={Gathercole, Susan E. and Pickering, Susan J. and Ambridge, Benjamin and Wearing, Hannah},
  journal={Developmental Psychology},
  volume={40},
  number={2},
  pages={177--190},
  year={2004},
  publisher={US: American Psychological Association}
}

@article{kail1991developmental,
  title={Developmental change in speed of processing during childhood and adolescence},
  author={Kail, Robert},
  journal={Psychological Bulletin},
  volume={109},
  number={3},
  pages={490--501},
  year={1991},
  publisher={American Psychological Association}
}

@article{mundy1998individual,
  title={Individual differences in joint attention skill development in the second year},
  author={Mundy, Peter and Gomes, Antoinette},
  journal={Infant Behavior and Development},
  volume={21},
  number={3},
  pages={469--482},
  year={1998},
  publisher={Elsevier}
}

@incollection{tomasello1995joint,
  author={Tomasello, Michael},
  title={Joint attention as social cognition},
  editor={Chris Moore and Philip J. Dunham},
  booktitle={Joint attention: Its origins and role in development},
  publisher={Psychology Press},
  address={New York and London},
  year={1995},
  pages={103--130},
  chapter={6},
}

@article{yurovskyURdevelopmental,
  title={Developmental changes in the speed of social attention in early word learning},
  author={Yurovsky, Daniel and Wade, Anna and Kraus, Allison M. and Gengoux, Grace W. and Hardan, Antonio Y. and Frank, Michael C.},
  journal={},
  year={under review},
  publisher={}
}

@article{smith2018developing,
  title={The developing infant creates a curriculum for statistical learning},
  author={Smith, Linda B. and Jayaraman, Swapnaa and Clerkin, Elizabeth and Yu, Chen},
  journal={Trends in Cognitive Sciences},
  volume={22},
  number={4},
  pages={325--336},
  year={2018},
  publisher={Elsevier}
}

@article{yurovsky2013statistical,
  title={Statistical word learning at scale: The baby's view is better},
  author={Yurovsky, Daniel and Smith, Linda B. and Yu, Chen},
  journal={Developmental Science},
  volume={16},
  number={6},
  pages={959--966},
  year={2013},
  publisher={Wiley Online Library}
}

@article{arnon2010more,
  title={More than words: Frequency effects for multi-word phrases},
  author={Arnon, Inbal and Snider, Neal},
  journal={Journal of Memory and Language},
  volume={62},
  number={1},
  pages={67--82},
  year={2010},
  publisher={Elsevier}
}

@book{childes,
    title = {The {CHILDES} Project: Tools for analyzing talk},
    author = {MacWhinney, Brian},
    isbn = {9780805829952},
    year = {2000},
    edition = {3rd},
    publisher = {Psychology Press},
    keywords = {childes}
}

@article{ticschristiansen,
    author = {Christiansen, Morten H. and Curtin, Suzanne},
    title = {Transfer of learning: rule acquisition or statistical learning?},
    journal = {Trends in Cognitive Sciences},
    volume = {3},
    number = {8},
    pages = {289--290},
    year  = {1999},
    publisher = {Elsevier}
}

@article{demuth2006word,
    author = {Demuth, Katherine and Culbertson, Jennifer and Alter, Jennifer},
    title ={Word-minimality, Epenthesis and Coda Licensing in the Early Acquisition of {E}nglish},
    journal = {Language and Speech},
    volume = {49},
    number = {2},
    pages = {137--173},
    year = {2006},
    doi= {doi:10.1177/00238309060490020201}
}

@techreport{python,
     title = {Python tutorial (Technical Report CS-R9526)},
     author = {Guido van Rossum},
     year = {1995},
     institution = {Amsterdam: Centrum voor Wiskunde en Informatica (CWI)},
}

@article{arnon2017,
    title = {Digging up the building blocks of language: Age-of-acquisition effects for multiword phrases},
    journal = {Journal of Memory and Language},
    volume = {92},
    pages = {265--280},
    year = {2017},
    author = {Arnon, Inbal and McCauley, Stewart M and Christiansen, Morten H.},
    keywords = "Age-of-Acquisition, Multiword units, Language learning"
}

@article{lme4,
    title = {Fitting Linear Mixed-Effects Models Using {lme4}},
    author = {Bates, Douglas and M{\"a}chler, Martin and Bolker, Ben and
      Walker, Steve},
    journal = {Journal of Statistical Software},
    year = {2015},
    volume = {67},
    number = {1},
    pages = {1--48}
  }

@article{bauer2005developments,
  title={Developments in declarative memory: Decreasing susceptibility to storage failure over the second year of life},
  author={Bauer, Patricia J},
  journal={Psychological Science},
  volume={16},
  number={1},
  pages={41--47},
  year={2005},
  publisher={SAGE Publications Sage CA: Los Angeles, CA}
}

@Manual{R,
     title = {R: A Language and Environment for Statistical Computing},
     author = {{R Core Team}},
     organization = {R Foundation for Statistical Computing},
     address = {Vienna, Austria},
     year = {2014},
     url = {http://www.R-project.org/},
   }

@book{ggplot2,
 author = {Wickham, Hadley},
 title = {Ggplot2: Elegant Graphics for Data Analysis},
 year = {2009},
 isbn = {9780387981406},
 edition = {2nd},
 publisher = {Springer Publishing Company, Incorporated},
} 

@article{doi:10.1111/1467-8721.01243,
    author = {Saffran, Jenny R.},
    title ={Statistical Language Learning: Mechanisms and Constraints},
    journal = {Current Directions in Psychological Science},
    volume = {12},
    number = {4},
    pages = {110--114},
    year = {2003},

}

@article {CDEV:CDEV1805,
    author = {Rowe, Meredith L.},
    title = {A Longitudinal Investigation of the Role of Quantity and Quality of Child-Directed Speech in Vocabulary Development},
    journal = {Child Development},
    volume = {83},
    number = {5},
    publisher = {Blackwell Publishing Ltd},
    pages = {1762--1774},
    year = {2012},
}

@article{chang2008automatic,
  title={Automatic evaluation of syntactic learners in typologically-different languages},
  author={Chang, Franklin and Lieven, Elena and Tomasello, Michael},
  journal={Cognitive Systems Research},
  volume={9},
  number={3},
  pages={198--213},
  year={2008},
  publisher={Elsevier}
}

@article{kuhl2004early,
  title={Early language acquisition: cracking the speech code},
  author={Kuhl, Patricia K},
  journal={Nature Reviews Neuroscience},
  volume={5},
  pages={831--843},
  year={2004},
  publisher={Nature Publishing Group}
}

@article{mccauley2011learning,
  title={Learning simple statistics for language comprehension and production: The {CAPPUCCINO} model},
  author={McCauley, Stewart M and Christiansen, Morten H},
  journal={Proceedings of the 33rd Annual Meeting of the Cognitive Science Society},
  pages={1619--1624},
  year={2011}
}

@article{mccauley2014acquiring,
  title={Acquiring formulaic language: A computational model},
  author={McCauley, Stewart M and Christiansen, Morten H},
  journal={The Mental Lexicon},
  volume={9},
  number={3},
  pages={419--436},
  year={2014},
  publisher={John Benjamins Publishing Company}
}

@article{snow1972mothers,
  title={Mothers' speech to children learning language},
  author={Snow, Catherine E},
  journal={Child development},
  pages={549--565},
  year={1972},
  publisher={JSTOR}
}

@book{tomasello2003constructing,
  title={Constructing a language: A usage-based theory of language acquisition},
  author={Tomasello, Michael},
  year={2005},
  isbn={9780674017641},
  edition={1st},
  publisher={Harvard University Press}
}

@article{roy2009exploring,
  title={Exploring word learning in a high-density longitudinal corpus},
  author={Roy, Brandon C and Frank, Michael C and Roy, Deb},
  journal={Proceedings of the 31st Annual Meeting of the Cognitive Science Society},
  year={2009},
  pages={2106--2111},
  publisher={Cognitive Science Society, Inc.}
}

@article{wojcik2013remembering,
  title={Remembering new words: integrating early memory development into word learning},
  author={Wojcik, Erica H},
  journal={Frontiers in Psychology},
  volume={4},
  pages={151},
  year={2013},
  publisher={Frontiers}
}

@book{yang2016price,
  title={The price of linguistic productivity: How children learn to break the rules of language},
  author={Yang, Charles},
  year={2016},
  isbn = {9780262035323},
  edition = {1st},
  publisher={MIT Press}
}

@incollection{jost201610,
  author={Jost, Ethan and Christiansen, Morten H},
  title={Statistical Learning as a Domain-General Mechanism of Entrenchment},
  editor={Schmid, Hans-J\"{o}rg},
  booktitle={Entrenchment and the Psychology of Language Learning: How We Reorganize and Adapt Linguistic Knowledge},
  publisher={Washington D.C.: Mouton de Gruyter},
  year={2016},
  pages={227--244},
  chapter={10},
}

@article{misyak2012statistical,
  title={Statistical-sequential learning in development},
  author={Misyak, Jennifer B and Goldstein, Michael H and Christiansen, Morten H},
  journal={Statistical Learning and Language Acquisition},
  pages={13--54},
  year={2012},
  publisher={Berlin: Mouton de Gruyter}
}

@incollection{tomasello2006acquiring,
  author={Tomasello, Michael},
  title={Acquiring linguistic constructions},
  editor={Damon, W, and Lerner, R. and Kuhn, D. and Siegler, R.},
  booktitle={Child and Adolescent Development},
  publisher={Wiley},
  address={New York},
  year={2008},
  pages={263--297},
  chapter={8},
}

@article{bannard2009modeling,
  title={Modeling children's early grammatical knowledge},
  author={Bannard, Colin and Lieven, Elena and Tomasello, Michael},
  journal={Proceedings of the National Academy of Sciences},
  year={2009},
  volume={106},
  issue={41},
  pages={17284--17289},
  publisher={National Academy of Sciences}
}

@article{chang2006using,
  title={Using child utterances to evaluate syntax acquisition algorithms},
  author={Chang, Franklin and Lieven, Elena and Tomasello, Michael},
  journal={Proceedings of the 28th Annual Meeting of the Cognitive Science Society},
  pages={154--159},
  year={2006}
}

@article{mccauley2017computational,
  title={Computational investigations of multiword chunks in language learning},
  author={McCauley, Stewart M and Christiansen, Morten H},
  journal={Topics in Cognitive Science},
  volume={9},
  number={3},
  pages={637--652},
  year={2017},
  publisher={Wiley Online Library}
}

@article{mccauley2014reappraising,
  title={Reappraising lexical specificity in children’s early syntactic combinations},
  author={McCauley, Stewart M and Christiansen, Morten H},
  journal={Proceedings of the 36th Annual Meeting of the Cognitive Science Society},
  pages={1000--1005},
  year={2014}
}

@article{saffran2002constraints,
  title={Constraints on statistical language learning},
  author={Saffran, Jenny R},
  journal={Journal of Memory and Language},
  volume={47},
  number={1},
  pages={172--196},
  year={2002},
  publisher={Academic Press}
}

@article{bannard2008stored,
  title={Stored word sequences in language learning: The effect of familiarity on children's repetition of four-word combinations},
  author={Bannard, Colin and Matthews, Danielle},
  journal={Psychological Science},
  volume={19},
  number={3},
  pages={241--248},
  year={2008},
  publisher={SAGE Publications Sage CA: Los Angeles, CA}
}

@article{arnon2011brush,
  title={Why brush your teeth is better than teeth--Children's word production is facilitated in familiar sentence-frames},
  author={Arnon, Inbal and Clark, Eve V},
  journal={Language Learning and Development},
  volume={7},
  number={2},
  pages={107--129},
  year={2011},
  publisher={Taylor \& Francis}
}

@incollection{yangchapter4,
    chapter = {4},
    title={Signal and noise},
    booktitle={The price of linguistic productivity: How children learn to break the rules of language},
    author={Yang, Charles},
    year={2016},
    publisher={MIT Press},
    adress={Cambridge, Massachusetts; London, England},
    pages={79--138}
}

@article{clair2010learning,
  title={Learning grammatical categories from distributional cues: Flexible frames for language acquisition},
  author={StClair, Michelle C and Monaghan, Padraic and Christiansen, Morten H},
  journal={Cognition},
  volume={116},
  number={3},
  pages={341--360},
  year={2010},
  publisher={Elsevier}
}

@article{christiansen2016now,
  title={The Now-or-Never bottleneck: A fundamental constraint on language},
  author={Christiansen, Morten H and Chater, Nick},
  journal={Behavioral and Brain Sciences},
  volume={39},
  pages={e62},
  year={2016},
  publisher={Cambridge University Press}
}

@article{christiansen2017more,
  title={More than words: The role of multiword sequences in language learning and use},
  author={Christiansen, Morten H and Arnon, Inbal},
  journal={Topics in Cognitive Science},
  volume={9},
  number={3},
  pages={542--551},
  year={2017},
  publisher={Wiley Online Library}
}

@article{johnson2009abstract,
  title={Abstract rule learning for visual sequences in 8-and 11-month-olds},
  author={Johnson, Scott P and Fernandes, Keith J and Frank, Michael C and Kirkham, Natasha and Marcus, Gary and Rabagliati, Hugh and Slemmer, Jonathan A},
  journal={Infancy},
  volume={14},
  number={1},
  pages={2--18},
  year={2009},
  publisher={Taylor \& Francis}
}

@article{slone2015infants,
  title={Infants’ statistical learning: 2-and 5-month-olds’ segmentation of continuous visual sequences},
  author={Slone, Lauren Krogh and Johnson, Scott P},
  journal={Journal of Experimental Child Psychology},
  volume={133},
  pages={47--56},
  year={2015},
  publisher={Elsevier}
}

@article{bulf2011visual,
  title={Visual statistical learning in the newborn infant},
  author={Bulf, Hermann and Johnson, Scott P and Valenza, Eloisa},
  journal={Cognition},
  volume={121},
  number={1},
  pages={127--132},
  year={2011},
  publisher={Elsevier}
}

@article{jost2015exploring,
  title={Exploring the neurodevelopment of visual statistical learning using event-related brain potentials},
  author={Jost, Ethan and Conway, Christopher M and Purdy, John D and Walk, Anne M and Hendricks, Michelle A},
  journal={Brain Research},
  volume={1597},
  pages={95--107},
  year={2015},
  publisher={Elsevier}
}

@article{frost2016using,
  title={Using statistics to learn words and grammatical categories: how high frequency words assist language acquisition},
  author={Frost, Rebecca Louise Ann and Monaghan, Padraic and Christiansen, Morten H},
  journal={38th Annual Meeting of the Cognitive Science Society (CogSci 2016)},
  pages={81--86},
  year={2016},
  organization={Cognitive Science Society}
}

@article{frost2016simultaneous,
  title={Simultaneous segmentation and generalisation of non-adjacent dependencies from continuous speech},
  author={Frost, Rebecca Louise Ann and Monaghan, Padraic},
  journal={Cognition},
  volume={147},
  pages={70--74},
  year={2016},
  publisher={Elsevier}
}

@article{conway2010implicit,
  title={Implicit statistical learning in language processing: Word predictability is the key},
  author={Conway, Christopher M and Bauernschmidt, Althea and Huang, Sean S and Pisoni, David B},
  journal={Cognition},
  volume={114},
  number={3},
  pages={356--371},
  year={2010},
  publisher={Elsevier}
}

@article{monaghan2010words,
  title={Words in puddles of sound: Modelling psycholinguistic effects in speech segmentation},
  author={Monaghan, Padraic and Christiansen, Morten H},
  journal={Journal of child language},
  volume={37},
  number={3},
  pages={545-564},
  year={2010},
  publisher={Cambridge University Press}
}

@article{frost2019,
  title={Mark my words: high frequency words impact early stages of language learning},
  author={Frost, Rebecca Louise Ann and Monaghan, Padriac and Christiansen, Morten H.},
  journal={Journal of Experimental Psychology: Learning, Memory, \& Cognition},
  year={2019},
  pages={Advance online publication},
}

@article{casillasURstep,
  title={A step-by-step guide to collecting and analyzing long-format speech environment ({LFSE}) recordings},
  author={Marisa Casillas and Alejandrina Cristia},
  journal={},
  year={under review},
}

@article{lany2014judging,
  title={Judging words by their covers and the company they keep: probabilistic cues support word learning},
  author={Lany, Jill},
  journal={Child development},
  volume={85},
  number={4},
  pages={1727--1739},
  year={2014},
  publisher={Wiley Online Library}
}

@article{feldman2013word,
  title={Word-level information influences phonetic learning in adults and infants},
  author={Feldman, Naomi H and Myers, Emily B and White, Katherine S and Griffiths, Thomas L and Morgan, James L},
  journal={Cognition},
  volume={127},
  number={3},
  pages={427--438},
  year={2013},
  publisher={Elsevier}
}

@article{feldman2013role,
  title={A role for the developing lexicon in phonetic category acquisition},
  author={Feldman, Naomi H and Griffiths, Thomas L and Goldwater, Sharon and Morgan, James L},
  journal={Psychological review},
  volume={120},
  number={4},
  pages={751--778},
  year={2013},
  publisher={American Psychological Association}
}

@article{kitamura2003Ppitch,
author = {Kitamura, Christine  and  Burnham, Denis },
title = {Pitch and Communicative Intent in Mother's Speech: Adjustments for Age and Sex in the First Year},
journal = {Infancy},
volume = {4},
number = {1},
pages = {85--110},
year  = {2003},
publisher = {Routledge}
}

@article{ko2012nonlinear,
  title={Nonlinear development of speaking rate in child-directed speech},
  author={Ko, Eon-Suk},
  journal={Lingua},
  volume={122},
  number={8},
  pages={841--857},
  year={2012},
  publisher={Elsevier}
}

@article{liu_tsao_kuhl_2009, 
title={Age-related changes in acoustic modifications of Mandarin maternal speech to preverbal infants and five-year-old children: a longitudinal study}, 
volume={36}, 
number={4}, 
journal={Journal of Child Language}, 
publisher={Cambridge University Press},
author={Liu, Huei-Mei and Tsao, Feng-Ming and Kuhl, Patricia K}, 
year={2009}, 
pages={909–-922}
}

@article{snow_1977,
title={The development of conversation between mothers and babies}, 
volume={4}, 
number={1}, 
journal={Journal of Child Language}, 
publisher={Cambridge University Press}, 
author={Snow, Catherine E.}, 
year={1977}, 
pages={1–22}
}

@article{englund2006changes,
  title={Changes in infant directed speech in the first six months},
  author={Englund, Kjellrun and Behne, Dawn},
  journal={Infant and Child Development},
  volume={15},
  number={2},
  pages={139--160},
  year={2006},
  publisher={Wiley Online Library}
}

@article{mannle1992twoyearolds,
author = {Mannle, Sara and Barton, Michelle and Tomasello, Michael},
title ={Two-year-olds' conversations with their mothers and preschool-aged siblings},
journal = {First Language},
volume = {12},
number = {34},
pages = {57-71},
year = {1992}
}

@article{trehub_unyk_henderson_1994, 
title={Children's songs to infant siblings: parallels with speech}, 
volume={21}, 
number={3}, 
journal={Journal of Child Language}, 
publisher={Cambridge University Press}, 
author={Trehub, Sandra E and Unyk, Anna M and Henderson, Joanna L}, 
year={1994}, 
pages={735–-744}
}

@article{weppelman2003children,
  title={Children's use of the prosodic characteristics of infant-directed speech},
  author={Weppelman, Tammy L and Bostow, Angela and Schiffer, Ryan and Elbert-Perez, Evelyn and Newman, Rochelle S},
  journal={Language \& Communication},
  volume={23},
  number={1},
  pages={63--80},
  year={2003},
  publisher={Pergamon}
}

@article{hoff1991older,
  title={Older siblings as conversational partners},
  author={Hoff-Ginsberg, Erika and Krueger, Wendy M},
  journal={Merrill-Palmer Quarterly},
  volume={37},
  issue={3},
  pages={465--481},
  year={1991},
  publisher={JSTOR}
}


@article{hoff2010context,
author = {Hoff, Erika},
title ={Context effects on young children’s language use: The influence of conversational setting and partner},
journal = {First Language},
volume = {30},
number = {3-4},
pages = {461-472},
year = {2010}
}

@article{mccauley2019languagelearning,
author = {McCauley, Stewart M and Christiansen, Morten H},
title ={Language learning as language use: A cross-linguistic model of child language development},
journal = {Pyschological Review},
volume = {126},
number = {1},
pages = {1--51},
year = {2019}
}

@article{bernard2012prosodic,
  title={Prosodic cues to word order: what level of representation?},
  author={Bernard, Carline and Gervain, Judit},
  journal={Frontiers in Psychology},
  volume={3},
  pages={451},
  year={2012}
}

@article{speer2009prosody,
  title={Prosody in first language acquisition--Acquiring intonation as a tool to organize information in conversation},
  author={Speer, Shari R and Ito, Kiwako},
  journal={Language and Linguistics Compass},
  volume={3},
  number={1},
  pages={90--110},
  year={2009},
  publisher={Wiley Online Library}
}
@Manual{R-base,
  title = {R: A Language and Environment for Statistical Computing},
  author = {{R Core Team}},
  organization = {R Foundation for Statistical Computing},
  address = {Vienna, Austria},
  year = {2017},
  url = {https://www.R-project.org/},
}
@Manual{R-papaja,
  author = {Frederik Aust and Marius Barth},
  title = {{papaja}: {Create} {APA} manuscripts with {R Markdown}},
  year = {2018},
  note = {R package version 0.1.0.9842},
  url = {https://github.com/crsh/papaja},
}
